%%%%%%%%%%%%%%%%%%%%%%%%%%%%%%%%%%%%%%%%%%%%%%%%%%%%%%%%%%%%%%%%%%%%%%%%%%%%%%%%%%%%%%%%%%%%
% Papers
%%%%%%%%%%%%%%%%%%%%%%%%%%%%%%%%%%%%%%%%%%%%%%%%%%%%%%%%%%%%%%%%%%%%%%%%%%%%%%%%%%%%%%%%%%%%
@article{franz2022,
doi = {10.3847/1538-3881/ac46c9},
url = {https://dx.doi.org/10.3847/1538-3881/ac46c9},
year = {2022},
month = {feb},
publisher = {The American Astronomical Society},
volume = {163},
number = {3},
pages = {104},
author = {Noah Franz and Steve Croft and Andrew P. V. Siemion and others},
title = {The Breakthrough Listen Search for Intelligent Life: Technosignature Search of Transiting TESS Targets of Interest},
journal = {The Astronomical Journal}
}

@ARTICLE{franz2023,
       author = {{Franz}, Noah and {Dennis}, Mitchell and {Sakstein}, Jeremy},
        title = "{Tip of the Red Giant Branch Bounds on the Neutrino Magnetic Dipole Moment Revisited}",
      journal = {arXiv e-prints},
     keywords = {High Energy Physics - Phenomenology, Astrophysics - Solar and Stellar Astrophysics},
         year = 2023,
        month = jul,
          eid = {arXiv:2307.13050},
        pages = {arXiv:2307.13050},
          doi = {10.48550/arXiv.2307.13050},
archivePrefix = {arXiv},
       eprint = {2307.13050},
 primaryClass = {hep-ph},
       adsurl = {https://ui.adsabs.harvard.edu/abs/2023arXiv230713050F},
      adsnote = {Provided by the SAO/NASA Astrophysics Data System},
      note    = {In Prep.}
}

%%%%%%%%%%%%%%%%%%%%%%%%%%%%%%%%%%%%%%%%%%%%%%%%%%%%%%%%%%%%%%%%%%%%%%%%%%%%%%%%%%%%%%%%%%%%
% Presentations
%%%%%%%%%%%%%%%%%%%%%%%%%%%%%%%%%%%%%%%%%%%%%%%%%%%%%%%%%%%%%%%%%%%%%%%%%%%%%%%%%%%%%%%%%%%%

@article{FranzHawaiiPresentation,
    author = {Franz, Noah},
    title = "Neutrinos, Machine Learning, and Stellar Evolution",
    journal = {},
    year = {2022},
    month = {aug}
}

@article{Franz2021Identifying,
	author = {Franz, Noah and Bauer, Brian and Moustakas, John},
	journal = {237th American Astronomical Society},
	number = {1},
	year = {2021},
	month = {jan 11},
	note = {https://baas.aas.org/pub/2021n1i125p05},
	publisher = {},
	title = {Identifying {Strong} {Gravitational} {Lenses} in {DESI} {Spectroscopy}},
	volume = {53},
}

@article{Franz2022presentation,
	author = {Noah Franz and Steve Croft and Andrew P. V. Siemion and others},
	journal = {73rd International Astronautical Congress},
	title = {The Breakthrough Listen Search for Intelligent Life: Technosignature Search of Transiting TESS Targets of Interest},
    year = {2022}
}

@article{Franz2022presentationCancelled,
	author = {Noah Franz and Steve Croft and Andrew P. V. Siemion and others},
	journal = {239th American Astronomical Society},
	title = {The Breakthrough Listen Search for Intelligent Life: Technosignature Search of Transiting TESS Targets of Interest},
    year = {2022},
    note = {Conference cancelled due to the COVID-19 pandemic.}
}

@article{franz2023presentation,
	author = {Noah Franz and Mitchell Dennis and Jeremy Sakstein},
	journal = {241st American Astronomical Society},
	title = {Tip of the Red Giant Branch Constraints on the Neutrino Magnetic Dipole Moment Revisited},
    year = {2023}
}

%%%%%%%%%%%%%%%%%%%%%%%%%%%%%%%%%%%%%%%%%%%%%%%%%%%%%%%%%%%%%%%%%%%%%%%%%%%%%%%%%%%%%%%%%%%%
% Software
%%%%%%%%%%%%%%%%%%%%%%%%%%%%%%%%%%%%%%%%%%%%%%%%%%%%%%%%%%%%%%%%%%%%%%%%%%%%%%%%%%%%%%%%%%%%

@software{bellis&Franz2023,
  author       = {Matt Bellis and
                  Noah Franz and
                  Matt Dreyer},
  title        = {mattbellis/hepfile: v0.1.7},
  month        = jul,
  year         = 2023,
  publisher    = {Zenodo},
  version      = {v0.1.7},
  doi          = {10.5281/zenodo.8171930},
  note          = {https://doi.org/10.5281/zenodo.8171930}
}